@misc{yu2018qanet,
      title={QANet: Combining Local Convolution with Global Self-Attention for Reading Comprehension}, 
      author={Adams Wei Yu and David Dohan and Minh-Thang Luong and Rui Zhao and Kai Chen and Mohammad Norouzi and Quoc V. Le},
      year={2018},
      eprint={1804.09541},
      archivePrefix={arXiv},
      primaryClass={cs.CL}
}

@article{DBLP:journals/corr/RajpurkarZLL16,
  author    = {Pranav Rajpurkar and
               Jian Zhang and
               Konstantin Lopyrev and
               Percy Liang},
  title     = {SQuAD: 100, 000+ Questions for Machine Comprehension of Text},
  journal   = {CoRR},
  volume    = {abs/1606.05250},
  year      = {2016},
  url       = {http://arxiv.org/abs/1606.05250},
  eprinttype = {arXiv},
  eprint    = {1606.05250},
  timestamp = {Mon, 24 Aug 2020 14:01:25 +0200},
  biburl    = {https://dblp.org/rec/journals/corr/RajpurkarZLL16.bib},
  bibsource = {dblp computer science bibliography, https://dblp.org}
}

@misc{seo2018bidirectional,
      title={Bidirectional Attention Flow for Machine Comprehension}, 
      author={Minjoon Seo and Aniruddha Kembhavi and Ali Farhadi and Hannaneh Hajishirzi},
      year={2018},
      eprint={1611.01603},
      archivePrefix={arXiv},
      primaryClass={cs.CL}
}

@misc{vaswani2017attention,
      title={Attention Is All You Need}, 
      author={Ashish Vaswani and Noam Shazeer and Niki Parmar and Jakob Uszkoreit and Llion Jones and Aidan N. Gomez and Lukasz Kaiser and Illia Polosukhin},
      year={2017},
      eprint={1706.03762},
      archivePrefix={arXiv},
      primaryClass={cs.CL}
}

@misc{devlin2019bert,
      title={BERT: Pre-training of Deep Bidirectional Transformers for Language Understanding}, 
      author={Jacob Devlin and Ming-Wei Chang and Kenton Lee and Kristina Toutanova},
      year={2019},
      eprint={1810.04805},
      archivePrefix={arXiv},
      primaryClass={cs.CL}
}

@misc{srivastava2015highway,
      title={Highway Networks},
      author={Rupesh Kumar Srivastava and Klaus Greff and JÃ¼rgen Schmidhuber},
      year={2015},
      eprint={1505.00387},
      archivePrefix={arXiv},
      primaryClass={cs.LG}
}

@misc{ba2016layer,
      title={Layer Normalization},
      author={Jimmy Lei Ba and Jamie Ryan Kiros and Geoffrey E. Hinton},
      year={2016},
      eprint={1607.06450},
      archivePrefix={arXiv},
      primaryClass={stat.ML}
}
@misc{kingma2017adam,
      title={Adam: A Method for Stochastic Optimization},
      author={Diederik P. Kingma and Jimmy Ba},
      year={2017},
      eprint={1412.6980},
      archivePrefix={arXiv},
      primaryClass={cs.LG}
}

@inproceedings{pennington-etal-2014-glove,
    title = "{G}lo{V}e: Global Vectors for Word Representation",
    author = "Pennington, Jeffrey  and
      Socher, Richard  and
      Manning, Christopher",
    booktitle = "Proceedings of the 2014 Conference on Empirical Methods in Natural Language Processing ({EMNLP})",
    month = oct,
    year = "2014",
    address = "Doha, Qatar",
    publisher = "Association for Computational Linguistics",
    url = "https://aclanthology.org/D14-1162",
    doi = "10.3115/v1/D14-1162",
    pages = "1532--1543",
}
